@book{molisch2012wireless,
	title={Wireless communications},
	author={Molisch, Andreas F},
	volume={34},
	year={2012},
	publisher={John Wiley \& Sons}
}
@inproceedings{arvola2016two,
	title={Two-layer precoding for dimensionality reduction in massive MIMO},
	author={Arvola, Antti and T{\"o}lli, Antti and Gesbert, David},
	booktitle={Signal Processing Conference (EUSIPCO), 2016 24th European},
	pages={2000--2004},
	year={2016},
	organization={IEEE}
}
@article{nam2014joint,
	title={Joint spatial division and multiplexing: Opportunistic beamforming, user grouping and simplified downlink scheduling},
	author={Nam, Junyoung and Adhikary, Ansuman and Ahn, Jae-Young and Caire, Giuseppe},
	journal={IEEE Journal of Selected Topics in Signal Processing},
	volume={8},
	number={5},
	pages={876--890},
	year={2014},
	publisher={IEEE}
}
@article{adhikary2013joint,
	title={Joint spatial division and multiplexing—The large-scale array regime},
	author={Adhikary, Ansuman and Nam, Junyoung and Ahn, Jae-Young and Caire, Giuseppe},
	journal={IEEE transactions on information theory},
	volume={59},
	number={10},
	pages={6441--6463},
	year={2013},
	publisher={IEEE}
}
@book{boyd2004convex,
	title={Convex optimization},
	author={Boyd, Stephen and Vandenberghe, Lieven},
	year={2004},
	publisher={Cambridge university press}
}
@article{scutari2017parallel,
	title={Parallel and Distributed Methods for Constrained Nonconvex Optimization-Part I: Theory.},
	author={Scutari, Gesualdo and Facchinei, Francisco and Lampariello, Lorenzo},
	journal={IEEE Trans. Signal Processing},
	volume={65},
	number={8},
	pages={1929--1944},
	year={2017}
}
@article{luo2008dynamic,
	title={Dynamic spectrum management: Complexity and duality},
	author={Luo, Zhi-Quan and Zhang, Shuzhong},
	journal={IEEE Journal of Selected Topics in Signal Processing},
	volume={2},
	number={1},
	pages={57--73},
	year={2008},
	publisher={IEEE}
}
@article{marzetta2010noncooperative,
	title={Noncooperative cellular wireless with unlimited numbers of base station antennas},
	author={Marzetta, Thomas L},
	journal={IEEE Transactions on Wireless Communications},
	volume={9},
	number={11},
	pages={3590--3600},
	year={2010},
	publisher={IEEE}
}
@article{rusek2013scaling,
	title={Scaling up MIMO: Opportunities and challenges with very large arrays},
	author={Rusek, Fredrik and Persson, Daniel and Lau, Buon Kiong and Larsson, Erik G and Marzetta, Thomas L and Edfors, Ove and Tufvesson, Fredrik},
	journal={IEEE Signal Processing Magazine},
	volume={30},
	number={1},
	pages={40--60},
	year={2013},
	publisher={IEEE}
}
@article{boccardi2014five,
	title={Five disruptive technology directions for 5G},
	author={Boccardi, Federico and Heath, Robert W and Lozano, Angel and Marzetta, Thomas L and Popovski, Petar},
	journal={IEEE Communications Magazine},
	volume={52},
	number={2},
	pages={74--80},
	year={2014},
	publisher={IEEE}
}
@inproceedings{nam2012joint,
	title={Joint spatial division and multiplexing: Realizing massive MIMO gains with limited channel state information},
	author={Nam, Junyoung and Ahn, Jae-Young and Adhikary, Ansuman and Caire, Giuseppe},
	booktitle={Information Sciences and Systems (CISS), 2012 46th Annual Conference on},
	pages={1--6},
	year={2012},
	organization={IEEE}
}
@article{adhikary2013joint,
	title={Joint spatial division and multiplexing—The large-scale array regime},
	author={Adhikary, Ansuman and Nam, Junyoung and Ahn, Jae-Young and Caire, Giuseppe},
	journal={IEEE transactions on information theory},
	volume={59},
	number={10},
	pages={6441--6463},
	year={2013},
	publisher={IEEE}
}
@article{nam2014joint,
	title={Joint spatial division and multiplexing: Opportunistic beamforming, user grouping and simplified downlink scheduling},
	author={Nam, Junyoung and Adhikary, Ansuman and Ahn, Jae-Young and Caire, Giuseppe},
	journal={IEEE Journal of Selected Topics in Signal Processing},
	volume={8},
	number={5},
	pages={876--890},
	year={2014},
	publisher={IEEE}
}
@article{nam2015user,
	title={User grouping of two-stage MU-MIMO precoding for clustered user geometry},
	author={Nam, Junyoung and Ko, Young-Jo and Ha, Jeongseok},
	journal={IEEE Communications Letters},
	volume={19},
	number={8},
	pages={1458--1461},
	year={2015},
	publisher={IEEE}
}
@inproceedings{xu2014user,
	title={User grouping and scheduling for large scale MIMO systems with two-stage precoding},
	author={Xu, Yi and Yue, Guosen and Prasad, Narayan and Rangarajan, Sampath and Mao, Shiwen},
	booktitle={Communications (ICC), 2014 IEEE International Conference on},
	pages={5197--5202},
	year={2014},
	organization={IEEE}
}
@article{liu2014hierarchical,
	title={Hierarchical interference mitigation for massive MIMO cellular networks},
	author={Liu, An and Lau, Vincent},
	journal={IEEE Transactions on Signal Processing},
	volume={62},
	number={18},
	pages={4786--4797},
	year={2014},
	publisher={IEEE}
}
@inproceedings{arvola2016two,
	title={Two-layer precoding for dimensionality reduction in massive MIMO},
	author={Arvola, Antti and T{\"o}lli, Antti and Gesbert, David},
	booktitle={Signal Processing Conference (EUSIPCO), 2016 24th European},
	pages={2000--2004},
	year={2016},
	organization={IEEE}
}
@inproceedings{venkatraman2017jp,
	title={JP-CoMP with antenna selection for multi-carrier C-RAN with finite backhaul capacity},
	author={Venkatraman, Ganesh and T{\"o}lli, Antti and Kaleva, Jarkko and Juntti, Markku},
	booktitle={Communications (ICC), 2017 IEEE International Conference on},
	pages={1--7},
	year={2017},
	organization={IEEE}
}


\begin{comment}
@inproceedings{kramer2000white,
  title={On the white Gaussian multiple-access relay channel},
  author={Kramer, Gerhard and Van Wijngaarden, Adriaan J},
  booktitle={IEEE International Symposium on Information Theory, 2000. Proceedings. },
  pages={40},
  year={2000},
  organization={IEEE}
}
@article{nosratinia2004cooperative,
	title={Cooperative communication in wireless networks},
	author={Nosratinia, Aria and Hunter, Todd E and Hedayat, Ahmadreza},
	journal={Communications Magazine, IEEE},
	volume={42},
	number={10},
	pages={74--80},
	year={2004},
	publisher={IEEE}
}
@conference{valtteri2016,
	title={Power Allocation for Orthogonal Multiple Access Relay Channel Allowing Intra-link Errors},
	author={Tervo, Valtteri and Lu, Pen-Shun and Zhou, Xiaobo and Juntti, Markku and Matsumoto, Tad},
	booktitle={European Wireless Conference},
	year={2016},
	organization={IEEE}
}
@article{lu2014joint,
	title={Joint Adaptive Network--Channel Coding for Energy-Efficient Multiple-Access Relaying},
	author={Lu, Pen-Shun and Zhou, Xiaobo and Anwar, Khairul and Matsumoto, Tad},
	journal={IEEE Transactions on Vehicular Technology, },
	volume={63},
	number={5},
	pages={2298--2305},
	year={2014},
	publisher={IEEE}
}
@article{shannon1959coding,
	title={Coding theorems for a discrete source with a fidelity criterion},
	author={Shannon, Claude E},
	journal={IRE Nat. Conv. Rec},
	volume={4},
	number={142-163},
	pages={1},
	year={1959}
}
@article{vazquez2014analog,
	title={Analog joint source-channel coding over MIMO channels},
	author={Vazquez-Araujo, Francisco J and Fresnedo, Oscar and Castedo, Luis and Garcia-Frias, Javier},
	journal={EURASIP Journal on Wireless Communications and Networking},
	volume={2014},
	number={1},
	pages={1--10},
	year={2014},
	publisher={Springer}
}
@book{el2011network,
	title={Network information theory},
	author={El Gamal, Abbas and Kim, Young-Han},
	year={2011},
	publisher={Cambridge university press}
}

@article{youssef2011distributed,
	title={Distributed serially concatenated codes for multi-source cooperative relay networks},
	author={Youssef, Roua and Amat, Alexandre Graell I},
	journal={IEEE Transactions on Wireless Communications,},
	volume={10},
	number={1},
	pages={253--263},
	year={2011},
	publisher={IEEE}
}
@article{marks1978technical,
	title={Technical Note—A General Inner Approximation Algorithm for Nonconvex Mathematical Programs},
	author={Marks, Barry R and Wright, Gordon P},
	journal={Operations Research},
	volume={26},
	number={4},
	pages={681--683},
	year={1978},
	publisher={INFORMS}
}
@article{zhou2014correlated,
	title={Correlated sources transmission in orthogonal multiple access relay channel: Theoretical analysis and performance evaluation},
	author={Zhou, Xiaobo and Lu, Pen-Shun and Anwar, Khoirul and Matsumoto, Tad},
	journal={IEEE Transactions on Wireless Communications},
	volume={13},
	number={3},
	pages={1424--1435},
	year={2014},
	publisher={IEEE}
}
@article{lu2015outage,
	title={Outage probabilities of orthogonal multiple-access relaying techniques with imperfect source-relay links},
	author={Lu, Pen-Shun and Zhou, Xiaobo and Matsumoto, Tad},
	journal={IEEE Transactions on Wireless Communications},
	volume={14},
	number={4},
	pages={2269--2280},
	year={2015},
	publisher={IEEE}
}
@inproceedings{al2014resource,
	title={Resource Allocation for Two-Users DF-OFDMA Systems},
	author={Al-Tous, Hanan and Barhumi, Imad},
	booktitle={2014 IEEE 80th Vehicular Technology Conference (VTC2014-Fall)},
	pages={1--5},
	year={2014},
	organization={IEEE}
}
@book{cover1991elements,
	title={Elements of information theory},
	author={Cover, Thomas M and Thomas, Joy A},
	year={1991},
	publisher={New York: Wiley}
}
@book{mceliece2002theory,
	title={The theory of information and coding},
	author={McEliece, Robert},
	year={2002},
	publisher={Cambridge University Press}
}
@inproceedings{woldegebreal2007multiple,
	title={Multiple-access relay channel with network coding and non-ideal source-relay channels},
	author={Woldegebreal, Dereje H and Karl, Holger},
	booktitle={2007 4th International Symposium on Wireless Communication Systems},
	pages={732--736},
	year={2007},
	organization={IEEE}
}
@article{li2009design,
	title={Design of joint network-low density parity check codes based on the EXIT charts},
	author={Li, Ying and Song, Guanghui and Wang, Lili},
	journal={IEEE Communications Letters},
	volume={13},
	number={8},
	pages={600--602},
	year={2009},
	publisher={IEEE}
}
@article{zhang2015coded,
	title={Coded Random Access with Distributed Power Control and Multiple-Packet Reception.},
	author={Zhang, Zhonghao and Xu, Chongbin and Ping, Li},
	journal={IEEE Wireless Communication Letters},
	volume={4},
	number={2},
	pages={117--120},
	year={2015}
}
@article{paolini2015coded,
	title={Coded random access: applying codes on graphs to design random access protocols},
	author={Paolini, Enrico and Stefanovic, Cedomir and Liva, Gianluigi and Popovski, Petar},
	journal={IEEE Communications Magazine},
	volume={53},
	number={6},
	pages={144--150},
	year={2015},
	publisher={IEEE}
}
@inproceedings{he2016transmission,
	title={Transmission of correlated sources over non-orthogonal Gaussian MACs},
	author={He, Jiguang and Hussain, Iqbal and Juntti, Markku and Matsumoto, Tad},
	booktitle={IEEE International Conference on Communications Workshops (ICC), 2016 },
	pages={534--539},
	year={2016},
	organization={IEEE}
}
@inproceedings{anwar2012iterative,
	title={Iterative spatial demapping for two correlated sources with power control over fading MAC},
	author={Anwar, Khoirul and Matsumoto, Tad},
	booktitle={Vehicular Technology Conference (VTC Spring), 2012 IEEE 75th},
	pages={1--7},
	year={2012},
	organization={IEEE}
}
@inproceedings{iscan2011iterative,
	title={Iterative network and channel decoding for the relay channel with multiple sources},
	author={Iscan, Onurcan and Hausl, Christoph},
	booktitle={Vehicular Technology Conference (VTC Fall), 2011 IEEE},
	pages={1--5},
	year={2011},
	organization={IEEE}
}
@inproceedings{hatefi2011full,
	title={Full diversity distributed coding for the multiple access half-duplex relay channel},
	author={Hatefi, Atoosa and Visoz, Rapha{\"e}l and Berthet, Antoine O},
	booktitle={2011 International Symposium on Networking Coding},
	pages={1--6},
	year={2011},
	organization={IEEE}
}
@inproceedings{el2010sum,
	title={Sum-rate optimized power allocation for the OFDM multiple access relay channel},
	author={El Soussi, Mohieddine and Zaidi, Abdellatif and Louveaux, J{\'e}r{\^o}me and Vandendorpe, Luc},
	booktitle={4th International Symposium on Communications, Control and Signal Processing (ISCCSP), 2010 },
	pages={1--6},
	year={2010},
	organization={IEEE}
}
@article{schedler2013resource,
	title={Resource allocation for the multiple-access relay channels and OFDMA},
	author={Schedler, Stephan and K{\"u}hn, Volker},
	journal={EURASIP Journal on Advances in Signal Processing},
	volume={2013},
	number={1},
	pages={1--20},
	year={2013},
	publisher={Springer}
}
@inproceedings{kim2009error,
	title={Error exponent of exclusive-or multiple-access channels},
	author={Kim, Jinho and Stark, Wayne E},
	booktitle={IEEE International Symposium on Information Theory, 2009},
	pages={1709--1713},
	year={2009},
	organization={IEEE}
}
@inproceedings{popovski2007physical,
	title={Physical network coding in two-way wireless relay channels},
	author={Popovski, Petar and Yomo, Hiroyuki},
	booktitle={IEEE International Conference on Communications, 2007},
	pages={707--712},
	year={2007},
	organization={IEEE}
}
@article{zhang2009channel,
	title={Channel coding and decoding in a relay system operated with physical-layer network coding},
	author={Zhang, Shengli and Liew, Soung-Chang},
	journal=IEEE_J_JSAC,
	volume={27},
	number={5},
	pages={788--796},
	year={2009},
	publisher={IEEE}
}
@article{ahlswede2000network,
	title={Network information flow},
	author={Ahlswede, Rudolf and Cai, Ning and Li, S-YR and Yeung, Raymond W},
	journal=IEEE_J_IT,
	volume={46},
	number={4},
	pages={1204--1216},
	year={2000},
	publisher={IEEE}
}
@article{cover1979capacity,
	title={Capacity theorems for the relay channel},
	author={Cover, Thomas and Gamal, A EL},
	journal=IEEE_J_IT,
	volume={25},
	number={5},
	pages={572--584},
	year={1979},
	publisher={IEEE}
}
\end{comment}